@article{pathak2012fine,
  title={Fine grained energy accounting on smartphones with eprof},
  author={Pathak, Abhinav and Hu, Y Charlie and Zhang, Ming},
  journal={EuroSys' 12},
  year={2012}
}


@article{Ricciato2010551,
title = "A review of DoS attack models for 3G cellular networks from a system-design perspective",
journal = "Computer Communications ",
volume = "33",
number = "5",
pages = "551 - 558",
year = "2010",
issn = "0140-3664",
doi = "10.1016/j.comcom.2009.11.015",
url = "http://www.sciencedirect.com/science/article/pii/S0140366409003168",
author = {Ricciato, F. and Coluccia, A. and Dâ€™Alconzo. A.},
keywords = "3G",
keywords = "Cellular networks",
keywords = "DoS",
keywords = "Signaling attacks",
keywords = "Network robustness"
}

@Misc{syscall,
  key =          "syscall",
  title =        "{System call}",
  HOWPUBLISHED =         "\url{https://en.wikipedia.org/wiki/System_call}",
  NOTE = {Accessed: \today}
}


@Misc{aro,
  key =          "aro",
  title =        "{Application Resource Optimizer (ARO)}",
  HOWPUBLISHED =         "\url{https://github.com/attdevsupport/ARO}",
  NOTE = {Accessed: \today}
}


@Misc{sensor,
  key =          "sensor",
  title =        "{Sensibility Testbed}",
  HOWPUBLISHED =         "\url{https://sensibilitytestbed.com/}",
  NOTE = {Accessed: \today}
}

@Misc{sensor-app,
  key =          "sensor-app",
  title =        "{Sensibility Testbed, Google Play Store}",
  HOWPUBLISHED =         "\url{https://play.google.com/store/apps/details?id=com.sensibility_testbed}",
  NOTE = {Accessed: \today}
}

@Misc{obd,
  key =          "obd",
  title =        "{On-board diagnostics}",
  HOWPUBLISHED =         "\url{http://en.wikipedia.org/wiki/On-board_diagnostics}",
  NOTE = {Accessed: \today}
}

@Misc{obdconnector,
  key =          "obdconnector",
  title =        "{Does My Car Have OBD-II?}",
  note =         "\url{http://www.obdii.com/connector.html}",
}

@Misc{mongodb,
  key =          "mongodb",
  title =        "{MongoDB Architecture}",
  note =         "\url{http://www.mongodb.com/mongodb-architecture}",
}

@inproceedings{reininger2015first,
  title={A First Look at Vehicle Data Collection via Smartphone Sensors},
  author={Reininger, Michael and Miller, Seth and Zhuang, Yanyan and Cappos, Justin},
  booktitle={Sensors Applications Symposium (SAS), 2015 IEEE},
  year={2015},
  organization={IEEE}
}


@inproceedings{Cappos_CCS_10,
 author = {Cappos, Justin and Dadgar, Armon and Rasley, Jeff and Samuel, Justin and Beschastnikh, Ivan and Barsan, Cosmin and Krishnamurthy, Arvind and Anderson, Thomas},
 title = {Retaining sandbox containment despite bugs in privileged memory-safe code},
 booktitle = {Proceedings of the 17th ACM conference on Computer and communications security},
 series = {CCS '10},
 year = {2010},
 isbn = {978-1-4503-0245-6},
 location = {Chicago, Illinois, USA},
 pages = {212--223},
 numpages = {12},
 url = {http://doi.acm.org/10.1145/1866307.1866332},
 doi = {http://doi.acm.org/10.1145/1866307.1866332},
 acmid = {1866332},
 publisher = {ACM},
 address = {New York, NY, USA},
 keywords = {containment, layering, sandbox},
} 

@inproceedings{hoffman,
  title={Hierarchical Security Evaluation Framework and its Implementation on Android Smartphones},
  author={Hoffman, Andrew and Pollard, Darrel and Reznik, Leon},
  year={Under submission}
}

@inproceedings{che2011case,
  title={The case for addressing the limiting impact of interference on wireless scheduling},
  author={Che, Xin and Ju, Xi and Zhang, Hongwei},
  booktitle={Network Protocols (ICNP), 2011 19th IEEE International Conference on},
  pages={196--205},
  year={2011},
  organization={IEEE}
}

@article{ju2012neteye,
  title={NetEye: a user-centered wireless sensor network testbed for high-fidelity, robust experimentation},
  author={Ju, Xi and Zhang, Hongwei and Sakamuri, Divya},
  journal={International Journal of Communication Systems},
  volume={25},
  number={9},
  pages={1213--1229},
  year={2012},
  publisher={Wiley Online Library}
}

@Misc{botnet,
  key =          "botnet",
  title =        "{China mobile users warned about large botnet threat}",
  HOWPUBLISHED =         "\url{http://www.bbc.co.uk/news/technology-21026667}",
  NOTE = {Accessed: \today}
}



@article{shabtai2010google,
  title={Google android: A comprehensive security assessment},
  author={Shabtai, Asaf and Fledel, Yuval and Kanonov, Uri and Elovici, Yuval and Dolev, Shlomi and Glezer, Chanan},
  journal={Security \& Privacy, IEEE},
  volume={8},
  number={2},
  pages={35--44},
  year={2010},
  publisher={IEEE}
}

@inproceedings{xu2012taplogger,
  title={Taplogger: Inferring user inputs on smartphone touchscreens using on-board motion sensors},
  author={Xu, Zhi and Bai, Kun and Zhu, Sencun},
  booktitle={Proceedings of the fifth ACM conference on Security and Privacy in Wireless and Mobile Networks},
  pages={113--124},
  year={2012},
  organization={ACM}
}


@inproceedings{miluzzo2012tapprints,
  title={Tapprints: your finger taps have fingerprints},
  author={Miluzzo, Emiliano and Varshavsky, Alexander and Balakrishnan, Suhrid and Choudhury, Romit Roy},
  booktitle={Proceedings of the 10th international conference on Mobile systems, applications, and services},
  pages={323--336},
  year={2012},
  organization={ACM}
}


@inproceedings{xu2009stealthy,
  title={Stealthy video capturer: a new video-based spyware in 3g smartphones},
  author={Xu, Nan and Zhang, Fan and Luo, Yisha and Jia, Weijia and Xuan, Dong and Teng, Jin},
  booktitle={Proceedings of the second ACM conference on Wireless network security},
  pages={69--78},
  year={2009},
  organization={ACM}
}

@inproceedings{schlegel2011soundcomber,
  title={Soundcomber: A Stealthy and Context-Aware Sound Trojan for Smartphones.},
  author={Schlegel, Roman and Zhang, Kehuan and Zhou, Xiao-yong and Intwala, Mehool and Kapadia, Apu and Wang, XiaoFeng},
  booktitle={NDSS},
  volume={11},
  pages={17--33},
  year={2011}
}

@inproceedings{cai2011touchlogger,
  title={TouchLogger: inferring keystrokes on touch screen from smartphone motion},
  author={Cai, Liang and Chen, Hao},
  booktitle={Proceedings of the 6th USENIX conference on Hot topics in security},
  pages={9--9},
  year={2011},
  organization={USENIX Association}
}

@inproceedings{marquardt2011sp,
  title={(sp) iPhone: decoding vibrations from nearby keyboards using mobile phone accelerometers},
  author={Marquardt, Philip and Verma, Arunabh and Carter, Henry and Traynor, Patrick},
  booktitle={Proceedings of the 18th ACM conference on Computer and communications security},
  pages={551--562},
  year={2011},
  organization={ACM}
}

@Misc{toomuch,
  key =          "toomuch",
  title =        "{More Than 25\% of Android Apps Know Too Much About You}",
  HOWPUBLISHED =         "\url{http://yro.slashdot.org/story/12/11/02/1316238/more-than-25-of-android-apps-know-too-much-about-you}",
  NOTE = {Accessed: \today}
}

@Misc{tweetios,
  key =          "tweetios",
  title =        "{App Auto-Tweets False Piracy Accusations}",
  HOWPUBLISHED =         "\url{http://yro.slashdot.org/story/12/11/13/2249203/app-auto-tweets-false-piracy-accusations}",
  NOTE = {Accessed: \today}
}

@Misc{ftc,
  key =          "ftc",
  title =        "{US Wants Apple, Google, and Microsoft To Get a Grip On Mobile Privacy}",
  HOWPUBLISHED =         "\url{http://yro.slashdot.org/story/13/02/02/2124204/us-wants-apple-google-and-microsoft-to-get-a-grip-on-mobile-privacy}",
  NOTE = {Accessed: \today}
}

@article{conti2011crepe,
  title={CRePE: Context-related policy enforcement for Android},
  author={Conti, Mauro and Nguyen, Vu and Crispo, Bruno},
  journal={Information Security},
  pages={331--345},
  year={2011},
  publisher={Springer}
}


@inproceedings{hornyack2011these,
  title={These aren't the droids you're looking for: retrofitting android to protect data from imperious applications},
  author={Hornyack, Peter and Han, Seungyeop and Jung, Jaeyeon and Schechter, Stuart and Wetherall, David},
  booktitle={Proceedings of the 18th ACM conference on Computer and communications security},
  pages={639--652},
  year={2011},
  organization={ACM}
}

@inproceedings{cappos2014blursense,
  title={BlurSense: Dynamic fine-grained access control for smartphone privacy},
  author={Cappos, Justin and Wang, Lai and Weiss, Richard and Yang, Yi and Zhuang, Yanyan},
  booktitle={Sensors Applications Symposium (SAS), 2014 IEEE},
  pages={329--332},
  year={2014},
  organization={IEEE}
}


@Misc{seattle-sensor-git,
  key =          "seattle-sensor-git",
  title =        "{Seattle Sensors, GitHub}",
  note =         "{\url{https://github.com/fmetzger/android-sensorium}}",
}

@Misc{seattle-sensor-project,
  key =          "seattle-sensor-project",
  title =        "{Seattle Sensors Project}",
  note =         "\url{http://seattlesensors.poly.edu/}",
}


@Misc{market,
  key =          "market",
  title =        "{Smartphone OS Market Share, Q4 2014}",
  HOWPUBLISHED =         "\url{http://www.idc.com/prodserv/smartphone-os-market-share.jsp}",
  NOTE = {Accessed: \today}
}


@Misc{android-users,
  key =          "android-users",
  title =        "{Google: We Have 1 Billion Monthly Active Android Users}",
  HOWPUBLISHED =         "\url{http://www.businessinsider.com/google-we-have-1-billion-monthly-active-android-users-2014-6}",
  NOTE = {Accessed: \today}
}