@inproceedings{zheng2014droidray,
  title={DroidRay: a security evaluation system for customized android firmwares},
  author={Zheng, Min and Sun, Mingshen and Lui, John},
  booktitle={Proceedings of the 9th ACM symposium on Information, computer and communications security},
  pages={471--482},
  year={2014},
  organization={ACM}
}


